@inproceedings{thomas2012fast,
  title={Fast intra-collection audio matching},
  author={Thomas, Verena and Ewert, Sebastian and Clausen, Michael},
  booktitle={Proceedings of the second international ACM workshop on Music information retrieval with user-centered and multimodal strategies},
  pages={1--6},
  year={2012},
  organization={ACM}
}

@article{ewert2012towards,
  title={Towards cross-version harmonic analysis of music},
  author={Ewert, Sebastian and M{\"u}ller, Meinard and Konz, Verena and M{\"u}llensiefen, Daniel and Wiggins, Geraint A.},
  journal={IEEE Transactions on Multimedia},
  volume={14},
  number={3},
  pages={770--782},
  year={2012},
  publisher={IEEE}
}

@article{turetsky2003ground,
  title={Ground-truth transcriptions of real music from force-aligned {MIDI} syntheses},
  author={Turetsky, Robert J. and Ellis, Daniel P. W.},
  journal={Proceedings of the 4th International Conference on Music Information Retrieval},
  pages={135--141},
  year={2003},
  publisher={International Symposium on Music Information Retrieval}
}

@article{halevy2009unreasonable,
  title={The unreasonable effectiveness of data},
  author={Halevy, Alon and Norvig, Peter and Pereira, Fernando},
  journal={IEEE Intelligent Systems},
  volume={24},
  number={2},
  pages={8--12},
  year={2009},
  publisher={IEEE}
}

@inproceedings{eerola2004mir,
  author={Eerola, Tuomas and Toiviainen, Petri},
  title={{MIR} In {Matlab}: The {MIDI} Toolbox},
  year={2004},
  booktitle={Proceedings of the 5th International Conference on Music Information Retrieval},
  pages={22--27}
}

@inproceedings{mckay2006jsymbolic,
  title={{jSymbolic}: A feature extractor for {MIDI} files},
  author={McKay, Cory and Fujinaga, Ichiro},
  booktitle={Proceedings of the International Computer Music Conference},
  pages={302--305},
  year={2006}
}

@inproceedings{cuthbert2010music21,
  title={\texttt{music21}: {A} toolkit for computer-aided musicology and symbolic music data},
  author={Cuthbert, Michael Scott and Ariza, Christopher},
  year={2010},
  booktitle={Proceedings of the 11th International Conference on Music Information Retrieval},
  pages={637-642}
}

@inproceedings{raffel2014pretty_midi,
  title={Intuitive Analysis, Creation and Manipulation of {MIDI} Data with \texttt{pretty\char`_midi}},
  author={Raffel, Colin and Ellis, Daniel P. W.},
  year={2014},
  booktitle={Proceedings of the 15th International Conference on Music Information Retrieval Late Breaking and Demo Papers}
}

@inproceedings{schluter2013learning,
  title={Learning Binary Codes For Efficient Large-Scale Music Similarity Search},
  author={Schl{\"u}ter, Jan},
  booktitle={Proceedings of the 14th International Conference on Music Information Retrieval},
  pages={581--586},
  year={2013}
}

@inproceedings{bertin2011million,
  title={The million song dataset},
  author={Bertin-Mahieux, Thierry and Ellis, Daniel P. W. and Whitman, Brian and Lamere, Paul},
  booktitle={ISMIR 2011: Proceedings of the 12th International Society for Music Information Retrieval Conference, October 24-28, 2011, Miami, Florida},
  pages={591--596},
  year={2011},
  organization={University of Miami}
}

@inproceedings{hu2003polyphonic,
  title={Polyphonic audio matching and alignment for music retrieval},
  author={Hu, Ning and Dannenberg, Roger B. and Tzanetakis, George},
  booktitle={Applications of Signal Processing to Audio and Acoustics, 2003 IEEE Workshop on.},
  pages={185--188},
  year={2003},
  organization={IEEE}
}
